%YAML 1.1
%TAG !u! tag:unity3d.com,2011:
--- !u!29 &1
OcclusionCullingSettings:
  m_ObjectHideFlags: 0
  serializedVersion: 2
  m_OcclusionBakeSettings:
    smallestOccluder: 5
    smallestHole: 0.25
    backfaceThreshold: 100
  m_SceneGUID: 00000000000000000000000000000000
  m_OcclusionCullingData: {fileID: 0}
--- !u!104 &2
RenderSettings:
  m_ObjectHideFlags: 0
  serializedVersion: 9
  m_Fog: 0
  m_FogColor: {r: 0.5, g: 0.5, b: 0.5, a: 1}
  m_FogMode: 3
  m_FogDensity: 0.01
  m_LinearFogStart: 0
  m_LinearFogEnd: 300
  m_AmbientSkyColor: {r: 0.28235295, g: 0.24313726, b: 0.44313726, a: 1}
  m_AmbientEquatorColor: {r: 0.114, g: 0.125, b: 0.133, a: 1}
  m_AmbientGroundColor: {r: 0.047, g: 0.043, b: 0.035, a: 1}
  m_AmbientIntensity: 1
  m_AmbientMode: 3
  m_SubtractiveShadowColor: {r: 0.42, g: 0.478, b: 0.627, a: 1}
  m_SkyboxMaterial: {fileID: 10304, guid: 0000000000000000f000000000000000, type: 0}
  m_HaloStrength: 0.5
  m_FlareStrength: 1
  m_FlareFadeSpeed: 3
  m_HaloTexture: {fileID: 0}
  m_SpotCookie: {fileID: 10001, guid: 0000000000000000e000000000000000, type: 0}
  m_DefaultReflectionMode: 0
  m_DefaultReflectionResolution: 128
  m_ReflectionBounces: 1
  m_ReflectionIntensity: 1
  m_CustomReflection: {fileID: 0}
  m_Sun: {fileID: 170076734}
  m_IndirectSpecularColor: {r: 0, g: 0, b: 0, a: 1}
  m_UseRadianceAmbientProbe: 0
--- !u!157 &3
LightmapSettings:
  m_ObjectHideFlags: 0
  serializedVersion: 11
  m_GIWorkflowMode: 1
  m_GISettings:
    serializedVersion: 2
    m_BounceScale: 1
    m_IndirectOutputScale: 1
    m_AlbedoBoost: 1
    m_EnvironmentLightingMode: 0
    m_EnableBakedLightmaps: 0
    m_EnableRealtimeLightmaps: 0
  m_LightmapEditorSettings:
    serializedVersion: 10
    m_Resolution: 0.5
    m_BakeResolution: 10
    m_AtlasSize: 512
    m_AO: 0
    m_AOMaxDistance: 1
    m_CompAOExponent: 1
    m_CompAOExponentDirect: 0
    m_Padding: 2
    m_LightmapParameters: {fileID: 0}
    m_LightmapsBakeMode: 1
    m_TextureCompression: 1
    m_FinalGather: 0
    m_FinalGatherFiltering: 1
    m_FinalGatherRayCount: 256
    m_ReflectionCompression: 2
    m_MixedBakeMode: 2
    m_BakeBackend: 1
    m_PVRSampling: 1
    m_PVRDirectSampleCount: 32
    m_PVRSampleCount: 256
    m_PVRBounces: 2
    m_PVRFilterTypeDirect: 0
    m_PVRFilterTypeIndirect: 0
    m_PVRFilterTypeAO: 0
    m_PVRFilteringMode: 1
    m_PVRCulling: 1
    m_PVRFilteringGaussRadiusDirect: 1
    m_PVRFilteringGaussRadiusIndirect: 5
    m_PVRFilteringGaussRadiusAO: 2
    m_PVRFilteringAtrousPositionSigmaDirect: 0.5
    m_PVRFilteringAtrousPositionSigmaIndirect: 2
    m_PVRFilteringAtrousPositionSigmaAO: 1
    m_ShowResolutionOverlay: 1
  m_LightingDataAsset: {fileID: 112000000, guid: ba934bf7f19974f42b501b7f5d5568b0,
    type: 2}
  m_UseShadowmask: 1
--- !u!196 &4
NavMeshSettings:
  serializedVersion: 2
  m_ObjectHideFlags: 0
  m_BuildSettings:
    serializedVersion: 2
    agentTypeID: 0
    agentRadius: 0.5
    agentHeight: 2
    agentSlope: 45
    agentClimb: 0.4
    ledgeDropHeight: 0
    maxJumpAcrossDistance: 0
    minRegionArea: 2
    manualCellSize: 0
    cellSize: 0.16666667
    manualTileSize: 0
    tileSize: 256
    accuratePlacement: 0
    debug:
      m_Flags: 0
  m_NavMeshData: {fileID: 23800000, guid: 1d04a7aaf31d4a4408d958b2dbddeec9, type: 2}
--- !u!1 &66442704
GameObject:
  m_ObjectHideFlags: 0
  m_CorrespondingSourceObject: {fileID: 0}
  m_PrefabInstance: {fileID: 0}
  m_PrefabAsset: {fileID: 0}
  serializedVersion: 6
  m_Component:
  - component: {fileID: 66442707}
  - component: {fileID: 66442706}
  - component: {fileID: 66442705}
  m_Layer: 0
  m_Name: EventSystem
  m_TagString: Untagged
  m_Icon: {fileID: 0}
  m_NavMeshLayer: 0
  m_StaticEditorFlags: 0
  m_IsActive: 1
--- !u!114 &66442705
MonoBehaviour:
  m_ObjectHideFlags: 0
  m_CorrespondingSourceObject: {fileID: 0}
  m_PrefabInstance: {fileID: 0}
  m_PrefabAsset: {fileID: 0}
  m_GameObject: {fileID: 66442704}
  m_Enabled: 1
  m_EditorHideFlags: 0
  m_Script: {fileID: 1077351063, guid: f70555f144d8491a825f0804e09c671c, type: 3}
  m_Name: 
  m_EditorClassIdentifier: 
  m_HorizontalAxis: HorizontalUI
  m_VerticalAxis: VerticalUI
  m_SubmitButton: Submit
  m_CancelButton: Cancel
  m_InputActionsPerSecond: 10
  m_RepeatDelay: 0.5
  m_ForceModuleActive: 0
--- !u!114 &66442706
MonoBehaviour:
  m_ObjectHideFlags: 0
  m_CorrespondingSourceObject: {fileID: 0}
  m_PrefabInstance: {fileID: 0}
  m_PrefabAsset: {fileID: 0}
  m_GameObject: {fileID: 66442704}
  m_Enabled: 1
  m_EditorHideFlags: 0
  m_Script: {fileID: -619905303, guid: f70555f144d8491a825f0804e09c671c, type: 3}
  m_Name: 
  m_EditorClassIdentifier: 
  m_FirstSelected: {fileID: 0}
  m_sendNavigationEvents: 1
  m_DragThreshold: 10
--- !u!4 &66442707
Transform:
  m_ObjectHideFlags: 0
  m_CorrespondingSourceObject: {fileID: 0}
  m_PrefabInstance: {fileID: 0}
  m_PrefabAsset: {fileID: 0}
  m_GameObject: {fileID: 66442704}
  m_LocalRotation: {x: 0, y: 0, z: 0, w: 1}
  m_LocalPosition: {x: 0, y: 0, z: 0}
  m_LocalScale: {x: 1, y: 1, z: 1}
  m_Children: []
  m_Father: {fileID: 0}
  m_RootOrder: 4
  m_LocalEulerAnglesHint: {x: 0, y: 0, z: 0}
--- !u!1 &170076733
GameObject:
  m_ObjectHideFlags: 0
  m_CorrespondingSourceObject: {fileID: 0}
  m_PrefabInstance: {fileID: 0}
  m_PrefabAsset: {fileID: 0}
  serializedVersion: 6
  m_Component:
  - component: {fileID: 170076735}
  - component: {fileID: 170076734}
  m_Layer: 0
  m_Name: Directional Light
  m_TagString: Untagged
  m_Icon: {fileID: 0}
  m_NavMeshLayer: 0
  m_StaticEditorFlags: 0
  m_IsActive: 1
--- !u!108 &170076734
Light:
  m_ObjectHideFlags: 0
  m_CorrespondingSourceObject: {fileID: 0}
  m_PrefabInstance: {fileID: 0}
  m_PrefabAsset: {fileID: 0}
  m_GameObject: {fileID: 170076733}
  m_Enabled: 1
  serializedVersion: 8
  m_Type: 1
  m_Color: {r: 1, g: 0.95686275, b: 0.8392157, a: 1}
  m_Intensity: 1
  m_Range: 10
  m_SpotAngle: 30
  m_CookieSize: 10
  m_Shadows:
    m_Type: 2
    m_Resolution: -1
    m_CustomResolution: -1
    m_Strength: 1
    m_Bias: 0.05
    m_NormalBias: 0.4
    m_NearPlane: 0.2
  m_Cookie: {fileID: 0}
  m_DrawHalo: 0
  m_Flare: {fileID: 0}
  m_RenderMode: 0
  m_CullingMask:
    serializedVersion: 2
    m_Bits: 4294967295
  m_Lightmapping: 1
  m_LightShadowCasterMode: 0
  m_AreaSize: {x: 1, y: 1}
  m_BounceIntensity: 1
  m_ColorTemperature: 6570
  m_UseColorTemperature: 0
  m_ShadowRadius: 0
  m_ShadowAngle: 0
--- !u!4 &170076735
Transform:
  m_ObjectHideFlags: 0
  m_CorrespondingSourceObject: {fileID: 0}
  m_PrefabInstance: {fileID: 0}
  m_PrefabAsset: {fileID: 0}
  m_GameObject: {fileID: 170076733}
  m_LocalRotation: {x: 0.40821788, y: -0.23456968, z: 0.10938163, w: 0.8754261}
  m_LocalPosition: {x: 0, y: 3, z: 0}
  m_LocalScale: {x: 1, y: 1, z: 1}
  m_Children: []
  m_Father: {fileID: 0}
  m_RootOrder: 1
  m_LocalEulerAnglesHint: {x: 50, y: -30, z: 0}
--- !u!1 &283988870
GameObject:
  m_ObjectHideFlags: 0
  m_CorrespondingSourceObject: {fileID: 0}
  m_PrefabInstance: {fileID: 0}
  m_PrefabAsset: {fileID: 0}
  serializedVersion: 6
  m_Component:
  - component: {fileID: 283988871}
  m_Layer: 0
  m_Name: Spawn2
  m_TagString: Untagged
  m_Icon: {fileID: 0}
  m_NavMeshLayer: 0
  m_StaticEditorFlags: 0
  m_IsActive: 1
--- !u!4 &283988871
Transform:
  m_ObjectHideFlags: 0
  m_CorrespondingSourceObject: {fileID: 0}
  m_PrefabInstance: {fileID: 0}
  m_PrefabAsset: {fileID: 0}
  m_GameObject: {fileID: 283988870}
  m_LocalRotation: {x: 0, y: 0, z: 0, w: 1}
  m_LocalPosition: {x: 13, y: 0, z: -5}
  m_LocalScale: {x: 1, y: 1, z: 1}
  m_Children: []
  m_Father: {fileID: 0}
  m_RootOrder: 6
  m_LocalEulerAnglesHint: {x: 0, y: 0, z: 0}
--- !u!1 &400033494
GameObject:
  m_ObjectHideFlags: 0
  m_CorrespondingSourceObject: {fileID: 0}
  m_PrefabInstance: {fileID: 0}
  m_PrefabAsset: {fileID: 0}
  serializedVersion: 6
  m_Component:
  - component: {fileID: 400033498}
  - component: {fileID: 400033497}
  - component: {fileID: 400033496}
  - component: {fileID: 400033495}
  m_Layer: 5
  m_Name: MessageCanvas
  m_TagString: Untagged
  m_Icon: {fileID: 0}
  m_NavMeshLayer: 0
  m_StaticEditorFlags: 0
  m_IsActive: 1
--- !u!114 &400033495
MonoBehaviour:
  m_ObjectHideFlags: 0
  m_CorrespondingSourceObject: {fileID: 0}
  m_PrefabInstance: {fileID: 0}
  m_PrefabAsset: {fileID: 0}
  m_GameObject: {fileID: 400033494}
  m_Enabled: 1
  m_EditorHideFlags: 0
  m_Script: {fileID: 1301386320, guid: f70555f144d8491a825f0804e09c671c, type: 3}
  m_Name: 
  m_EditorClassIdentifier: 
  m_IgnoreReversedGraphics: 1
  m_BlockingObjects: 0
  m_BlockingMask:
    serializedVersion: 2
    m_Bits: 4294967295
--- !u!114 &400033496
MonoBehaviour:
  m_ObjectHideFlags: 0
  m_CorrespondingSourceObject: {fileID: 0}
  m_PrefabInstance: {fileID: 0}
  m_PrefabAsset: {fileID: 0}
  m_GameObject: {fileID: 400033494}
  m_Enabled: 1
  m_EditorHideFlags: 0
  m_Script: {fileID: 1980459831, guid: f70555f144d8491a825f0804e09c671c, type: 3}
  m_Name: 
  m_EditorClassIdentifier: 
  m_UiScaleMode: 0
  m_ReferencePixelsPerUnit: 100
  m_ScaleFactor: 1
  m_ReferenceResolution: {x: 800, y: 600}
  m_ScreenMatchMode: 0
  m_MatchWidthOrHeight: 0
  m_PhysicalUnit: 3
  m_FallbackScreenDPI: 96
  m_DefaultSpriteDPI: 96
  m_DynamicPixelsPerUnit: 1
--- !u!223 &400033497
Canvas:
  m_ObjectHideFlags: 0
  m_CorrespondingSourceObject: {fileID: 0}
  m_PrefabInstance: {fileID: 0}
  m_PrefabAsset: {fileID: 0}
  m_GameObject: {fileID: 400033494}
  m_Enabled: 1
  serializedVersion: 3
  m_RenderMode: 0
  m_Camera: {fileID: 0}
  m_PlaneDistance: 100
  m_PixelPerfect: 0
  m_ReceivesEvents: 1
  m_OverrideSorting: 0
  m_OverridePixelPerfect: 0
  m_SortingBucketNormalizedSize: 0
  m_AdditionalShaderChannelsFlag: 0
  m_SortingLayerID: 0
  m_SortingOrder: 0
  m_TargetDisplay: 0
--- !u!224 &400033498
RectTransform:
  m_ObjectHideFlags: 0
  m_CorrespondingSourceObject: {fileID: 0}
  m_PrefabInstance: {fileID: 0}
  m_PrefabAsset: {fileID: 0}
  m_GameObject: {fileID: 400033494}
  m_LocalRotation: {x: 0, y: 0, z: 0, w: 1}
  m_LocalPosition: {x: 0, y: 0, z: 0}
  m_LocalScale: {x: 0, y: 0, z: 0}
  m_Children:
  - {fileID: 1273327725}
  m_Father: {fileID: 0}
  m_RootOrder: 7
  m_LocalEulerAnglesHint: {x: 0, y: 0, z: 0}
  m_AnchorMin: {x: 0, y: 0}
  m_AnchorMax: {x: 0, y: 0}
  m_AnchoredPosition: {x: 0, y: 0}
  m_SizeDelta: {x: 0, y: 0}
  m_Pivot: {x: 0, y: 0}
--- !u!1 &534737508
GameObject:
  m_ObjectHideFlags: 0
  m_CorrespondingSourceObject: {fileID: 0}
  m_PrefabInstance: {fileID: 0}
  m_PrefabAsset: {fileID: 0}
  serializedVersion: 6
  m_Component:
  - component: {fileID: 534737510}
  - component: {fileID: 534737509}
  m_Layer: 0
  m_Name: ItemManager
  m_TagString: Untagged
  m_Icon: {fileID: 0}
  m_NavMeshLayer: 0
  m_StaticEditorFlags: 0
  m_IsActive: 1
--- !u!114 &534737509
MonoBehaviour:
  m_ObjectHideFlags: 0
  m_CorrespondingSourceObject: {fileID: 0}
  m_PrefabInstance: {fileID: 0}
  m_PrefabAsset: {fileID: 0}
  m_GameObject: {fileID: 534737508}
  m_Enabled: 1
  m_EditorHideFlags: 0
  m_Script: {fileID: 11500000, guid: 4f00558c13deb0947ac2d5ce9891646f, type: 3}
  m_Name: 
  m_EditorClassIdentifier: 
  addHealth: {fileID: 732960578421660720, guid: a3149e7bbddc01d469773aa63b446455,
    type: 3}
  addDamage: {fileID: 2171106411309132764, guid: 387b976af9990174a9229c9d4b2aa5ae,
    type: 3}
  addBarrel: {fileID: 1668509108334093418, guid: 79261414b3a06fd4cb9bd27fb1a3b9fa,
    type: 3}
  ItemType: 0
  itemPos:
  - {fileID: 2580871503907192718}
  - {fileID: 8928342446242697903}
  - {fileID: 8563937832915981337}
  - {fileID: 3793994730175312802}
  - {fileID: 7329307085502753053}
  - {fileID: 6073475450727327364}
  noItem: 0
  item: 0
  Itempos: 0
  randItem: 0
  randItemPos: 0
--- !u!4 &534737510
Transform:
  m_ObjectHideFlags: 0
  m_CorrespondingSourceObject: {fileID: 0}
  m_PrefabInstance: {fileID: 0}
  m_PrefabAsset: {fileID: 0}
  m_GameObject: {fileID: 534737508}
  m_LocalRotation: {x: 0, y: 0, z: 0, w: 1}
  m_LocalPosition: {x: 256.38876, y: 91.43466, z: 123.487434}
  m_LocalScale: {x: 1, y: 1, z: 1}
  m_Children: []
  m_Father: {fileID: 0}
  m_RootOrder: 9
  m_LocalEulerAnglesHint: {x: 0, y: 0, z: 0}
--- !u!114 &647263485 stripped
MonoBehaviour:
  m_CorrespondingSourceObject: {fileID: 1624987019599246398, guid: 5e9d1b2f1ed665d4f9d9401eb5ca2133,
    type: 3}
  m_PrefabInstance: {fileID: 1624987019086201027}
  m_PrefabAsset: {fileID: 0}
  m_GameObject: {fileID: 0}
  m_Enabled: 1
  m_EditorHideFlags: 0
  m_Script: {fileID: 11500000, guid: a948fc15cdb4f524480482d9ec4c41e6, type: 3}
  m_Name: 
  m_EditorClassIdentifier: 
--- !u!1 &914345680
GameObject:
  m_ObjectHideFlags: 0
  m_CorrespondingSourceObject: {fileID: 0}
  m_PrefabInstance: {fileID: 0}
  m_PrefabAsset: {fileID: 0}
  serializedVersion: 6
  m_Component:
  - component: {fileID: 914345681}
  m_Layer: 0
  m_Name: Spawn1
  m_TagString: Untagged
  m_Icon: {fileID: 0}
  m_NavMeshLayer: 0
  m_StaticEditorFlags: 0
  m_IsActive: 1
--- !u!4 &914345681
Transform:
  m_ObjectHideFlags: 0
  m_CorrespondingSourceObject: {fileID: 0}
  m_PrefabInstance: {fileID: 0}
  m_PrefabAsset: {fileID: 0}
  m_GameObject: {fileID: 914345680}
  m_LocalRotation: {x: 0, y: 1, z: 0, w: 0}
  m_LocalPosition: {x: -3, y: 0, z: 30}
  m_LocalScale: {x: 1, y: 1, z: 1}
  m_Children: []
  m_Father: {fileID: 0}
  m_RootOrder: 5
  m_LocalEulerAnglesHint: {x: 0, y: 180, z: 0}
--- !u!1 &955400366
GameObject:
  m_ObjectHideFlags: 0
  m_CorrespondingSourceObject: {fileID: 0}
  m_PrefabInstance: {fileID: 0}
  m_PrefabAsset: {fileID: 0}
  serializedVersion: 6
  m_Component:
  - component: {fileID: 955400368}
  - component: {fileID: 955400367}
  - component: {fileID: 955400369}
  m_Layer: 0
  m_Name: GameManager
  m_TagString: Untagged
  m_Icon: {fileID: 0}
  m_NavMeshLayer: 0
  m_StaticEditorFlags: 0
  m_IsActive: 1
--- !u!114 &955400367
MonoBehaviour:
  m_ObjectHideFlags: 0
  m_CorrespondingSourceObject: {fileID: 0}
  m_PrefabInstance: {fileID: 0}
  m_PrefabAsset: {fileID: 0}
  m_GameObject: {fileID: 955400366}
  m_Enabled: 1
  m_EditorHideFlags: 0
  m_Script: {fileID: 11500000, guid: 9ba66304f71eae549a3ad2059ac8c8c3, type: 3}
  m_Name: 
  m_EditorClassIdentifier: 
  numRounds: 5
  startDelay: 3
  endDelay: 3
  cameraControl: {fileID: 647263485}
  messageText: {fileID: 1273327727}
  tankPrefab:
  - {fileID: 88550240, guid: 5323af721c7c42f44bfff6e9dd2e8964, type: 3}
  - {fileID: 88550240, guid: 5323af721c7c42f44bfff6e9dd2e8964, type: 3}
  Tanks:
  - playerColor: {r: 0.9056604, g: 0.046991818, b: 0.046991818, a: 0}
    spawnPoint: {fileID: 914345681}
    playerNumber: 0
    coloredPlayerText: 
    Instance: {fileID: 0}
    win: 0
  - playerColor: {r: 0.44748864, g: 0.90588236, b: 0.04705884, a: 0}
    spawnPoint: {fileID: 283988871}
    playerNumber: 0
    coloredPlayerText: 
    Instance: {fileID: 0}
    win: 0
--- !u!4 &955400368
Transform:
  m_ObjectHideFlags: 0
  m_CorrespondingSourceObject: {fileID: 0}
  m_PrefabInstance: {fileID: 0}
  m_PrefabAsset: {fileID: 0}
  m_GameObject: {fileID: 955400366}
  m_LocalRotation: {x: 0, y: 0, z: 0, w: 1}
  m_LocalPosition: {x: 3.3077059, y: -4.0778847, z: -1.4335117}
  m_LocalScale: {x: 1, y: 1, z: 1}
  m_Children: []
  m_Father: {fileID: 0}
  m_RootOrder: 3
  m_LocalEulerAnglesHint: {x: 0, y: 0, z: 0}
--- !u!82 &955400369
AudioSource:
  m_ObjectHideFlags: 0
  m_CorrespondingSourceObject: {fileID: 0}
  m_PrefabInstance: {fileID: 0}
  m_PrefabAsset: {fileID: 0}
  m_GameObject: {fileID: 955400366}
  m_Enabled: 1
  serializedVersion: 4
  OutputAudioMixerGroup: {fileID: 243183989530214838, guid: 32d1edca024c37b43bb081a3729cd9d8,
    type: 2}
  m_audioClip: {fileID: 8300000, guid: 8ce5d020a687c314891341b4126d1de2, type: 3}
  m_PlayOnAwake: 1
  m_Volume: 1
  m_Pitch: 1
  Loop: 1
  Mute: 0
  Spatialize: 0
  SpatializePostEffects: 0
  Priority: 128
  DopplerLevel: 1
  MinDistance: 1
  MaxDistance: 500
  Pan2D: 0
  rolloffMode: 0
  BypassEffects: 0
  BypassListenerEffects: 0
  BypassReverbZones: 0
  rolloffCustomCurve:
    serializedVersion: 2
    m_Curve:
    - serializedVersion: 3
      time: 0
      value: 1
      inSlope: 0
      outSlope: 0
      tangentMode: 0
      weightedMode: 0
      inWeight: 0.33333334
      outWeight: 0.33333334
    - serializedVersion: 3
      time: 1
      value: 0
      inSlope: 0
      outSlope: 0
      tangentMode: 0
      weightedMode: 0
      inWeight: 0.33333334
      outWeight: 0.33333334
    m_PreInfinity: 2
    m_PostInfinity: 2
    m_RotationOrder: 4
  panLevelCustomCurve:
    serializedVersion: 2
    m_Curve:
    - serializedVersion: 3
      time: 0
      value: 0
      inSlope: 0
      outSlope: 0
      tangentMode: 0
      weightedMode: 0
      inWeight: 0.33333334
      outWeight: 0.33333334
    m_PreInfinity: 2
    m_PostInfinity: 2
    m_RotationOrder: 4
  spreadCustomCurve:
    serializedVersion: 2
    m_Curve:
    - serializedVersion: 3
      time: 0
      value: 0
      inSlope: 0
      outSlope: 0
      tangentMode: 0
      weightedMode: 0
      inWeight: 0.33333334
      outWeight: 0.33333334
    m_PreInfinity: 2
    m_PostInfinity: 2
    m_RotationOrder: 4
  reverbZoneMixCustomCurve:
    serializedVersion: 2
    m_Curve:
    - serializedVersion: 3
      time: 0
      value: 1
      inSlope: 0
      outSlope: 0
      tangentMode: 0
      weightedMode: 0
      inWeight: 0.33333334
      outWeight: 0.33333334
    m_PreInfinity: 2
    m_PostInfinity: 2
    m_RotationOrder: 4
--- !u!1 &1273327724
GameObject:
  m_ObjectHideFlags: 0
  m_CorrespondingSourceObject: {fileID: 0}
  m_PrefabInstance: {fileID: 0}
  m_PrefabAsset: {fileID: 0}
  serializedVersion: 6
  m_Component:
  - component: {fileID: 1273327725}
  - component: {fileID: 1273327728}
  - component: {fileID: 1273327727}
  - component: {fileID: 1273327726}
  m_Layer: 5
  m_Name: Text
  m_TagString: Untagged
  m_Icon: {fileID: 0}
  m_NavMeshLayer: 0
  m_StaticEditorFlags: 0
  m_IsActive: 1
--- !u!224 &1273327725
RectTransform:
  m_ObjectHideFlags: 0
  m_CorrespondingSourceObject: {fileID: 0}
  m_PrefabInstance: {fileID: 0}
  m_PrefabAsset: {fileID: 0}
  m_GameObject: {fileID: 1273327724}
  m_LocalRotation: {x: 0, y: 0, z: 0, w: 1}
  m_LocalPosition: {x: 0, y: 0, z: 0}
  m_LocalScale: {x: 1, y: 1, z: 1}
  m_Children: []
  m_Father: {fileID: 400033498}
  m_RootOrder: 0
  m_LocalEulerAnglesHint: {x: 0, y: 0, z: 0}
  m_AnchorMin: {x: 0.1, y: 0.1}
  m_AnchorMax: {x: 0.9, y: 0.9}
  m_AnchoredPosition: {x: 0, y: 0}
  m_SizeDelta: {x: 0, y: 0}
  m_Pivot: {x: 0.5, y: 0.5}
--- !u!114 &1273327726
MonoBehaviour:
  m_ObjectHideFlags: 0
  m_CorrespondingSourceObject: {fileID: 0}
  m_PrefabInstance: {fileID: 0}
  m_PrefabAsset: {fileID: 0}
  m_GameObject: {fileID: 1273327724}
  m_Enabled: 1
  m_EditorHideFlags: 0
  m_Script: {fileID: 1573420865, guid: f70555f144d8491a825f0804e09c671c, type: 3}
  m_Name: 
  m_EditorClassIdentifier: 
  m_EffectColor: {r: 0.44705883, g: 0.2784314, b: 0.15686275, a: 0.5}
  m_EffectDistance: {x: -3, y: -3}
  m_UseGraphicAlpha: 1
--- !u!114 &1273327727
MonoBehaviour:
  m_ObjectHideFlags: 0
  m_CorrespondingSourceObject: {fileID: 0}
  m_PrefabInstance: {fileID: 0}
  m_PrefabAsset: {fileID: 0}
  m_GameObject: {fileID: 1273327724}
  m_Enabled: 1
  m_EditorHideFlags: 0
  m_Script: {fileID: 708705254, guid: f70555f144d8491a825f0804e09c671c, type: 3}
  m_Name: 
  m_EditorClassIdentifier: 
  m_Material: {fileID: 0}
  m_Color: {r: 1, g: 1, b: 1, a: 1}
  m_RaycastTarget: 1
  m_OnCullStateChanged:
    m_PersistentCalls:
      m_Calls: []
    m_TypeName: UnityEngine.UI.MaskableGraphic+CullStateChangedEvent, UnityEngine.UI,
      Version=1.0.0.0, Culture=neutral, PublicKeyToken=null
  m_FontData:
    m_Font: {fileID: 10102, guid: 0000000000000000e000000000000000, type: 0}
    m_FontSize: 14
    m_FontStyle: 1
    m_BestFit: 1
    m_MinSize: 10
    m_MaxSize: 60
    m_Alignment: 4
    m_AlignByGeometry: 0
    m_RichText: 1
    m_HorizontalOverflow: 0
    m_VerticalOverflow: 0
    m_LineSpacing: 1
  m_Text: Get Ready...
--- !u!222 &1273327728
CanvasRenderer:
  m_ObjectHideFlags: 0
  m_CorrespondingSourceObject: {fileID: 0}
  m_PrefabInstance: {fileID: 0}
  m_PrefabAsset: {fileID: 0}
  m_GameObject: {fileID: 1273327724}
  m_CullTransparentMesh: 0
--- !u!1001 &1735221648
PrefabInstance:
  m_ObjectHideFlags: 0
  serializedVersion: 2
  m_Modification:
    m_TransformParent: {fileID: 0}
    m_Modifications:
    - target: {fileID: 171356, guid: 312c52d27be2d2d42acea3ccebc4694b, type: 3}
      propertyPath: m_Name
      value: CompleteLevelArt
      objectReference: {fileID: 0}
    - target: {fileID: 171356, guid: 312c52d27be2d2d42acea3ccebc4694b, type: 3}
      propertyPath: m_IsActive
      value: 1
      objectReference: {fileID: 0}
    - target: {fileID: 488946, guid: 312c52d27be2d2d42acea3ccebc4694b, type: 3}
      propertyPath: m_LocalPosition.x
      value: 0
      objectReference: {fileID: 0}
    - target: {fileID: 488946, guid: 312c52d27be2d2d42acea3ccebc4694b, type: 3}
      propertyPath: m_LocalPosition.y
      value: 0
      objectReference: {fileID: 0}
    - target: {fileID: 488946, guid: 312c52d27be2d2d42acea3ccebc4694b, type: 3}
      propertyPath: m_LocalPosition.z
      value: 0
      objectReference: {fileID: 0}
    - target: {fileID: 488946, guid: 312c52d27be2d2d42acea3ccebc4694b, type: 3}
      propertyPath: m_LocalRotation.x
      value: 0
      objectReference: {fileID: 0}
    - target: {fileID: 488946, guid: 312c52d27be2d2d42acea3ccebc4694b, type: 3}
      propertyPath: m_LocalRotation.y
      value: 0
      objectReference: {fileID: 0}
    - target: {fileID: 488946, guid: 312c52d27be2d2d42acea3ccebc4694b, type: 3}
      propertyPath: m_LocalRotation.z
      value: 0
      objectReference: {fileID: 0}
    - target: {fileID: 488946, guid: 312c52d27be2d2d42acea3ccebc4694b, type: 3}
      propertyPath: m_LocalRotation.w
      value: 1
      objectReference: {fileID: 0}
    - target: {fileID: 488946, guid: 312c52d27be2d2d42acea3ccebc4694b, type: 3}
      propertyPath: m_RootOrder
      value: 0
      objectReference: {fileID: 0}
    - target: {fileID: 488946, guid: 312c52d27be2d2d42acea3ccebc4694b, type: 3}
      propertyPath: m_LocalEulerAnglesHint.x
      value: 0
      objectReference: {fileID: 0}
    - target: {fileID: 488946, guid: 312c52d27be2d2d42acea3ccebc4694b, type: 3}
      propertyPath: m_LocalEulerAnglesHint.y
      value: 0
      objectReference: {fileID: 0}
    - target: {fileID: 488946, guid: 312c52d27be2d2d42acea3ccebc4694b, type: 3}
      propertyPath: m_LocalEulerAnglesHint.z
      value: 0
      objectReference: {fileID: 0}
    - target: {fileID: 418654, guid: 312c52d27be2d2d42acea3ccebc4694b, type: 3}
      propertyPath: m_LocalPosition.x
      value: 0.14
      objectReference: {fileID: 0}
    - target: {fileID: 444496, guid: 312c52d27be2d2d42acea3ccebc4694b, type: 3}
      propertyPath: m_LocalPosition.y
      value: -0.02
      objectReference: {fileID: 0}
    - target: {fileID: 444496, guid: 312c52d27be2d2d42acea3ccebc4694b, type: 3}
      propertyPath: m_LocalPosition.z
      value: -3.48
      objectReference: {fileID: 0}
    - target: {fileID: 6476316, guid: 312c52d27be2d2d42acea3ccebc4694b, type: 3}
      propertyPath: m_Convex
      value: 0
      objectReference: {fileID: 0}
    - target: {fileID: 6476316, guid: 312c52d27be2d2d42acea3ccebc4694b, type: 3}
      propertyPath: m_IsTrigger
      value: 0
      objectReference: {fileID: 0}
    m_RemovedComponents: []
  m_SourcePrefab: {fileID: 100100000, guid: 312c52d27be2d2d42acea3ccebc4694b, type: 3}
--- !u!1001 &22906199337428348
PrefabInstance:
  m_ObjectHideFlags: 0
  serializedVersion: 2
  m_Modification:
    m_TransformParent: {fileID: 0}
    m_Modifications:
    - target: {fileID: 3793994730175312802, guid: f6b028ebc0c6ef7419ddeb573302e513,
        type: 3}
      propertyPath: m_Name
      value: ItemSpawn3
      objectReference: {fileID: 0}
    - target: {fileID: 3551276881778197736, guid: f6b028ebc0c6ef7419ddeb573302e513,
        type: 3}
      propertyPath: m_LocalPosition.x
      value: 17.4
      objectReference: {fileID: 0}
    - target: {fileID: 3551276881778197736, guid: f6b028ebc0c6ef7419ddeb573302e513,
        type: 3}
      propertyPath: m_LocalPosition.y
      value: 1.275
      objectReference: {fileID: 0}
    - target: {fileID: 3551276881778197736, guid: f6b028ebc0c6ef7419ddeb573302e513,
        type: 3}
      propertyPath: m_LocalPosition.z
      value: 19
      objectReference: {fileID: 0}
    - target: {fileID: 3551276881778197736, guid: f6b028ebc0c6ef7419ddeb573302e513,
        type: 3}
      propertyPath: m_LocalRotation.x
      value: 0
      objectReference: {fileID: 0}
    - target: {fileID: 3551276881778197736, guid: f6b028ebc0c6ef7419ddeb573302e513,
        type: 3}
      propertyPath: m_LocalRotation.y
      value: 0
      objectReference: {fileID: 0}
    - target: {fileID: 3551276881778197736, guid: f6b028ebc0c6ef7419ddeb573302e513,
        type: 3}
      propertyPath: m_LocalRotation.z
      value: 0
      objectReference: {fileID: 0}
    - target: {fileID: 3551276881778197736, guid: f6b028ebc0c6ef7419ddeb573302e513,
        type: 3}
      propertyPath: m_LocalRotation.w
      value: 1
      objectReference: {fileID: 0}
    - target: {fileID: 3551276881778197736, guid: f6b028ebc0c6ef7419ddeb573302e513,
        type: 3}
      propertyPath: m_RootOrder
      value: 12
      objectReference: {fileID: 0}
    - target: {fileID: 3551276881778197736, guid: f6b028ebc0c6ef7419ddeb573302e513,
        type: 3}
      propertyPath: m_LocalEulerAnglesHint.x
      value: 0
      objectReference: {fileID: 0}
    - target: {fileID: 3551276881778197736, guid: f6b028ebc0c6ef7419ddeb573302e513,
        type: 3}
      propertyPath: m_LocalEulerAnglesHint.y
      value: 0
      objectReference: {fileID: 0}
    - target: {fileID: 3551276881778197736, guid: f6b028ebc0c6ef7419ddeb573302e513,
        type: 3}
      propertyPath: m_LocalEulerAnglesHint.z
      value: 0
      objectReference: {fileID: 0}
    m_RemovedComponents: []
  m_SourcePrefab: {fileID: 100100000, guid: f6b028ebc0c6ef7419ddeb573302e513, type: 3}
--- !u!1001 &445691476087291527
PrefabInstance:
  m_ObjectHideFlags: 0
  serializedVersion: 2
  m_Modification:
    m_TransformParent: {fileID: 0}
    m_Modifications:
    - target: {fileID: 8563937832915981337, guid: 28d4114944ceaa444a0d7968d1f41a9c,
        type: 3}
      propertyPath: m_Name
      value: ItemSpawn2
      objectReference: {fileID: 0}
    - target: {fileID: 1653450915672381593, guid: 28d4114944ceaa444a0d7968d1f41a9c,
        type: 3}
      propertyPath: m_LocalPosition.x
      value: -6.54
      objectReference: {fileID: 0}
    - target: {fileID: 1653450915672381593, guid: 28d4114944ceaa444a0d7968d1f41a9c,
        type: 3}
      propertyPath: m_LocalPosition.y
      value: 1.3
      objectReference: {fileID: 0}
    - target: {fileID: 1653450915672381593, guid: 28d4114944ceaa444a0d7968d1f41a9c,
        type: 3}
      propertyPath: m_LocalPosition.z
      value: 4.4
      objectReference: {fileID: 0}
    - target: {fileID: 1653450915672381593, guid: 28d4114944ceaa444a0d7968d1f41a9c,
        type: 3}
      propertyPath: m_LocalRotation.x
      value: 0
      objectReference: {fileID: 0}
    - target: {fileID: 1653450915672381593, guid: 28d4114944ceaa444a0d7968d1f41a9c,
        type: 3}
      propertyPath: m_LocalRotation.y
      value: 0
      objectReference: {fileID: 0}
    - target: {fileID: 1653450915672381593, guid: 28d4114944ceaa444a0d7968d1f41a9c,
        type: 3}
      propertyPath: m_LocalRotation.z
      value: 0
      objectReference: {fileID: 0}
    - target: {fileID: 1653450915672381593, guid: 28d4114944ceaa444a0d7968d1f41a9c,
        type: 3}
      propertyPath: m_LocalRotation.w
      value: 1
      objectReference: {fileID: 0}
    - target: {fileID: 1653450915672381593, guid: 28d4114944ceaa444a0d7968d1f41a9c,
        type: 3}
      propertyPath: m_RootOrder
      value: 11
      objectReference: {fileID: 0}
    - target: {fileID: 1653450915672381593, guid: 28d4114944ceaa444a0d7968d1f41a9c,
        type: 3}
      propertyPath: m_LocalEulerAnglesHint.x
      value: 0
      objectReference: {fileID: 0}
    - target: {fileID: 1653450915672381593, guid: 28d4114944ceaa444a0d7968d1f41a9c,
        type: 3}
      propertyPath: m_LocalEulerAnglesHint.y
      value: 0
      objectReference: {fileID: 0}
    - target: {fileID: 1653450915672381593, guid: 28d4114944ceaa444a0d7968d1f41a9c,
        type: 3}
      propertyPath: m_LocalEulerAnglesHint.z
      value: 0
      objectReference: {fileID: 0}
    m_RemovedComponents: []
  m_SourcePrefab: {fileID: 100100000, guid: 28d4114944ceaa444a0d7968d1f41a9c, type: 3}
--- !u!1001 &1624987019086201027
PrefabInstance:
  m_ObjectHideFlags: 0
  serializedVersion: 2
  m_Modification:
    m_TransformParent: {fileID: 0}
    m_Modifications:
    - target: {fileID: 1624987019599246399, guid: 5e9d1b2f1ed665d4f9d9401eb5ca2133,
        type: 3}
      propertyPath: m_Name
      value: CameraRig
      objectReference: {fileID: 0}
    - target: {fileID: 1624987019599246397, guid: 5e9d1b2f1ed665d4f9d9401eb5ca2133,
        type: 3}
      propertyPath: m_LocalPosition.x
      value: 0
      objectReference: {fileID: 0}
    - target: {fileID: 1624987019599246397, guid: 5e9d1b2f1ed665d4f9d9401eb5ca2133,
        type: 3}
      propertyPath: m_LocalPosition.y
      value: 0
      objectReference: {fileID: 0}
    - target: {fileID: 1624987019599246397, guid: 5e9d1b2f1ed665d4f9d9401eb5ca2133,
        type: 3}
      propertyPath: m_LocalPosition.z
      value: 0
      objectReference: {fileID: 0}
    - target: {fileID: 1624987019599246397, guid: 5e9d1b2f1ed665d4f9d9401eb5ca2133,
        type: 3}
      propertyPath: m_LocalRotation.x
      value: 0.2961981
      objectReference: {fileID: 0}
    - target: {fileID: 1624987019599246397, guid: 5e9d1b2f1ed665d4f9d9401eb5ca2133,
        type: 3}
      propertyPath: m_LocalRotation.y
      value: 0.46984634
      objectReference: {fileID: 0}
    - target: {fileID: 1624987019599246397, guid: 5e9d1b2f1ed665d4f9d9401eb5ca2133,
        type: 3}
      propertyPath: m_LocalRotation.z
      value: -0.17101005
      objectReference: {fileID: 0}
    - target: {fileID: 1624987019599246397, guid: 5e9d1b2f1ed665d4f9d9401eb5ca2133,
        type: 3}
      propertyPath: m_LocalRotation.w
      value: 0.8137977
      objectReference: {fileID: 0}
    - target: {fileID: 1624987019599246397, guid: 5e9d1b2f1ed665d4f9d9401eb5ca2133,
        type: 3}
      propertyPath: m_RootOrder
      value: 2
      objectReference: {fileID: 0}
    - target: {fileID: 1624987019599246397, guid: 5e9d1b2f1ed665d4f9d9401eb5ca2133,
        type: 3}
      propertyPath: m_LocalEulerAnglesHint.x
      value: 40
      objectReference: {fileID: 0}
    - target: {fileID: 1624987019599246397, guid: 5e9d1b2f1ed665d4f9d9401eb5ca2133,
        type: 3}
      propertyPath: m_LocalEulerAnglesHint.y
      value: 60
      objectReference: {fileID: 0}
    - target: {fileID: 1624987019599246397, guid: 5e9d1b2f1ed665d4f9d9401eb5ca2133,
        type: 3}
      propertyPath: m_LocalEulerAnglesHint.z
      value: 0
      objectReference: {fileID: 0}
    m_RemovedComponents: []
  m_SourcePrefab: {fileID: 100100000, guid: 5e9d1b2f1ed665d4f9d9401eb5ca2133, type: 3}
--- !u!1001 &2016457471472872760
PrefabInstance:
  m_ObjectHideFlags: 0
  serializedVersion: 2
  m_Modification:
    m_TransformParent: {fileID: 0}
    m_Modifications:
    - target: {fileID: 8928342446242697903, guid: 69d16ac57210e6045adce0668084057f,
        type: 3}
      propertyPath: m_Name
      value: ItemSpawn1
      objectReference: {fileID: 0}
    - target: {fileID: 8835499710310739160, guid: 69d16ac57210e6045adce0668084057f,
        type: 3}
      propertyPath: m_LocalPosition.x
      value: 0.3
      objectReference: {fileID: 0}
    - target: {fileID: 8835499710310739160, guid: 69d16ac57210e6045adce0668084057f,
        type: 3}
      propertyPath: m_LocalPosition.y
      value: 0.6
      objectReference: {fileID: 0}
    - target: {fileID: 8835499710310739160, guid: 69d16ac57210e6045adce0668084057f,
        type: 3}
      propertyPath: m_LocalPosition.z
      value: 21.6
      objectReference: {fileID: 0}
    - target: {fileID: 8835499710310739160, guid: 69d16ac57210e6045adce0668084057f,
        type: 3}
      propertyPath: m_LocalRotation.x
      value: 0
      objectReference: {fileID: 0}
    - target: {fileID: 8835499710310739160, guid: 69d16ac57210e6045adce0668084057f,
        type: 3}
      propertyPath: m_LocalRotation.y
      value: 0
      objectReference: {fileID: 0}
    - target: {fileID: 8835499710310739160, guid: 69d16ac57210e6045adce0668084057f,
        type: 3}
      propertyPath: m_LocalRotation.z
      value: 0
      objectReference: {fileID: 0}
    - target: {fileID: 8835499710310739160, guid: 69d16ac57210e6045adce0668084057f,
        type: 3}
      propertyPath: m_LocalRotation.w
      value: 1
      objectReference: {fileID: 0}
    - target: {fileID: 8835499710310739160, guid: 69d16ac57210e6045adce0668084057f,
        type: 3}
      propertyPath: m_RootOrder
      value: 10
      objectReference: {fileID: 0}
    - target: {fileID: 8835499710310739160, guid: 69d16ac57210e6045adce0668084057f,
        type: 3}
      propertyPath: m_LocalEulerAnglesHint.x
      value: 0
      objectReference: {fileID: 0}
    - target: {fileID: 8835499710310739160, guid: 69d16ac57210e6045adce0668084057f,
        type: 3}
      propertyPath: m_LocalEulerAnglesHint.y
      value: 0
      objectReference: {fileID: 0}
    - target: {fileID: 8835499710310739160, guid: 69d16ac57210e6045adce0668084057f,
        type: 3}
      propertyPath: m_LocalEulerAnglesHint.z
      value: 0
      objectReference: {fileID: 0}
    m_RemovedComponents: []
  m_SourcePrefab: {fileID: 100100000, guid: 69d16ac57210e6045adce0668084057f, type: 3}
--- !u!1 &2580871503907192718 stripped
GameObject:
  m_CorrespondingSourceObject: {fileID: 2580871503907192718, guid: 8752dfa8265342348a02669970939d4f,
    type: 3}
  m_PrefabInstance: {fileID: 8909745621325011411}
  m_PrefabAsset: {fileID: 0}
--- !u!1001 &3539559170234760384
PrefabInstance:
  m_ObjectHideFlags: 0
  serializedVersion: 2
  m_Modification:
    m_TransformParent: {fileID: 0}
    m_Modifications:
    - target: {fileID: 7329307085502753053, guid: d2adb9ede2344a448b2a1b594d93365c,
        type: 3}
      propertyPath: m_Name
      value: ItemSpawn4
      objectReference: {fileID: 0}
    - target: {fileID: 3699244721504944610, guid: d2adb9ede2344a448b2a1b594d93365c,
        type: 3}
      propertyPath: m_LocalPosition.x
      value: -18.7
      objectReference: {fileID: 0}
    - target: {fileID: 3699244721504944610, guid: d2adb9ede2344a448b2a1b594d93365c,
        type: 3}
      propertyPath: m_LocalPosition.y
      value: 0.9
      objectReference: {fileID: 0}
    - target: {fileID: 3699244721504944610, guid: d2adb9ede2344a448b2a1b594d93365c,
        type: 3}
      propertyPath: m_LocalPosition.z
      value: 14.6
      objectReference: {fileID: 0}
    - target: {fileID: 3699244721504944610, guid: d2adb9ede2344a448b2a1b594d93365c,
        type: 3}
      propertyPath: m_LocalRotation.x
      value: 0
      objectReference: {fileID: 0}
    - target: {fileID: 3699244721504944610, guid: d2adb9ede2344a448b2a1b594d93365c,
        type: 3}
      propertyPath: m_LocalRotation.y
      value: 0
      objectReference: {fileID: 0}
    - target: {fileID: 3699244721504944610, guid: d2adb9ede2344a448b2a1b594d93365c,
        type: 3}
      propertyPath: m_LocalRotation.z
      value: 0
      objectReference: {fileID: 0}
    - target: {fileID: 3699244721504944610, guid: d2adb9ede2344a448b2a1b594d93365c,
        type: 3}
      propertyPath: m_LocalRotation.w
      value: 1
      objectReference: {fileID: 0}
    - target: {fileID: 3699244721504944610, guid: d2adb9ede2344a448b2a1b594d93365c,
        type: 3}
      propertyPath: m_RootOrder
      value: 13
      objectReference: {fileID: 0}
    - target: {fileID: 3699244721504944610, guid: d2adb9ede2344a448b2a1b594d93365c,
        type: 3}
      propertyPath: m_LocalEulerAnglesHint.x
      value: 0
      objectReference: {fileID: 0}
    - target: {fileID: 3699244721504944610, guid: d2adb9ede2344a448b2a1b594d93365c,
        type: 3}
      propertyPath: m_LocalEulerAnglesHint.y
      value: 0
      objectReference: {fileID: 0}
    - target: {fileID: 3699244721504944610, guid: d2adb9ede2344a448b2a1b594d93365c,
        type: 3}
      propertyPath: m_LocalEulerAnglesHint.z
      value: 0
      objectReference: {fileID: 0}
    m_RemovedComponents: []
  m_SourcePrefab: {fileID: 100100000, guid: d2adb9ede2344a448b2a1b594d93365c, type: 3}
--- !u!1 &3793994730175312802 stripped
GameObject:
  m_CorrespondingSourceObject: {fileID: 3793994730175312802, guid: f6b028ebc0c6ef7419ddeb573302e513,
    type: 3}
  m_PrefabInstance: {fileID: 22906199337428348}
  m_PrefabAsset: {fileID: 0}
--- !u!1001 &3814070955079686167
PrefabInstance:
  m_ObjectHideFlags: 0
  serializedVersion: 2
  m_Modification:
    m_TransformParent: {fileID: 0}
    m_Modifications:
    - target: {fileID: 6073475450727327364, guid: f01ac66539ce77f44a00189f7f88a57b,
        type: 3}
      propertyPath: m_Name
      value: ItemSpawn5
      objectReference: {fileID: 0}
    - target: {fileID: 4796199131367879600, guid: f01ac66539ce77f44a00189f7f88a57b,
        type: 3}
      propertyPath: m_LocalPosition.x
      value: -30.4
      objectReference: {fileID: 0}
    - target: {fileID: 4796199131367879600, guid: f01ac66539ce77f44a00189f7f88a57b,
        type: 3}
      propertyPath: m_LocalPosition.y
      value: 0.27
      objectReference: {fileID: 0}
    - target: {fileID: 4796199131367879600, guid: f01ac66539ce77f44a00189f7f88a57b,
        type: 3}
      propertyPath: m_LocalPosition.z
      value: 9.2
      objectReference: {fileID: 0}
    - target: {fileID: 4796199131367879600, guid: f01ac66539ce77f44a00189f7f88a57b,
        type: 3}
      propertyPath: m_LocalRotation.x
      value: 0
      objectReference: {fileID: 0}
    - target: {fileID: 4796199131367879600, guid: f01ac66539ce77f44a00189f7f88a57b,
        type: 3}
      propertyPath: m_LocalRotation.y
      value: 0
      objectReference: {fileID: 0}
    - target: {fileID: 4796199131367879600, guid: f01ac66539ce77f44a00189f7f88a57b,
        type: 3}
      propertyPath: m_LocalRotation.z
      value: 0
      objectReference: {fileID: 0}
    - target: {fileID: 4796199131367879600, guid: f01ac66539ce77f44a00189f7f88a57b,
        type: 3}
      propertyPath: m_LocalRotation.w
      value: 1
      objectReference: {fileID: 0}
    - target: {fileID: 4796199131367879600, guid: f01ac66539ce77f44a00189f7f88a57b,
        type: 3}
      propertyPath: m_RootOrder
      value: 14
      objectReference: {fileID: 0}
    - target: {fileID: 4796199131367879600, guid: f01ac66539ce77f44a00189f7f88a57b,
        type: 3}
      propertyPath: m_LocalEulerAnglesHint.x
      value: 0
      objectReference: {fileID: 0}
    - target: {fileID: 4796199131367879600, guid: f01ac66539ce77f44a00189f7f88a57b,
        type: 3}
      propertyPath: m_LocalEulerAnglesHint.y
      value: 0
      objectReference: {fileID: 0}
    - target: {fileID: 4796199131367879600, guid: f01ac66539ce77f44a00189f7f88a57b,
        type: 3}
      propertyPath: m_LocalEulerAnglesHint.z
      value: 0
      objectReference: {fileID: 0}
    m_RemovedComponents: []
  m_SourcePrefab: {fileID: 100100000, guid: f01ac66539ce77f44a00189f7f88a57b, type: 3}
--- !u!1 &6073475450727327364 stripped
GameObject:
  m_CorrespondingSourceObject: {fileID: 6073475450727327364, guid: f01ac66539ce77f44a00189f7f88a57b,
    type: 3}
  m_PrefabInstance: {fileID: 3814070955079686167}
  m_PrefabAsset: {fileID: 0}
--- !u!1 &7329307085502753053 stripped
GameObject:
  m_CorrespondingSourceObject: {fileID: 7329307085502753053, guid: d2adb9ede2344a448b2a1b594d93365c,
    type: 3}
  m_PrefabInstance: {fileID: 3539559170234760384}
  m_PrefabAsset: {fileID: 0}
--- !u!1 &8563937832915981337 stripped
GameObject:
  m_CorrespondingSourceObject: {fileID: 8563937832915981337, guid: 28d4114944ceaa444a0d7968d1f41a9c,
    type: 3}
  m_PrefabInstance: {fileID: 445691476087291527}
  m_PrefabAsset: {fileID: 0}
--- !u!1001 &8909745621325011411
PrefabInstance:
  m_ObjectHideFlags: 0
  serializedVersion: 2
  m_Modification:
    m_TransformParent: {fileID: 0}
    m_Modifications:
    - target: {fileID: 2580871503907192718, guid: 8752dfa8265342348a02669970939d4f,
        type: 3}
      propertyPath: m_Name
      value: ItemSpawn
      objectReference: {fileID: 0}
    - target: {fileID: 628358400610809288, guid: 8752dfa8265342348a02669970939d4f,
        type: 3}
      propertyPath: m_LocalPosition.x
      value: -13.3
      objectReference: {fileID: 0}
    - target: {fileID: 628358400610809288, guid: 8752dfa8265342348a02669970939d4f,
        type: 3}
      propertyPath: m_LocalPosition.y
      value: 0.622
      objectReference: {fileID: 0}
    - target: {fileID: 628358400610809288, guid: 8752dfa8265342348a02669970939d4f,
        type: 3}
      propertyPath: m_LocalPosition.z
      value: 2.4
      objectReference: {fileID: 0}
    - target: {fileID: 628358400610809288, guid: 8752dfa8265342348a02669970939d4f,
        type: 3}
      propertyPath: m_LocalRotation.x
      value: 0
      objectReference: {fileID: 0}
    - target: {fileID: 628358400610809288, guid: 8752dfa8265342348a02669970939d4f,
        type: 3}
      propertyPath: m_LocalRotation.y
      value: 0
      objectReference: {fileID: 0}
    - target: {fileID: 628358400610809288, guid: 8752dfa8265342348a02669970939d4f,
        type: 3}
      propertyPath: m_LocalRotation.z
      value: 0
      objectReference: {fileID: 0}
    - target: {fileID: 628358400610809288, guid: 8752dfa8265342348a02669970939d4f,
        type: 3}
      propertyPath: m_LocalRotation.w
      value: 1
      objectReference: {fileID: 0}
    - target: {fileID: 628358400610809288, guid: 8752dfa8265342348a02669970939d4f,
        type: 3}
      propertyPath: m_RootOrder
      value: 8
      objectReference: {fileID: 0}
    - target: {fileID: 628358400610809288, guid: 8752dfa8265342348a02669970939d4f,
        type: 3}
      propertyPath: m_LocalEulerAnglesHint.x
      value: 0
      objectReference: {fileID: 0}
    - target: {fileID: 628358400610809288, guid: 8752dfa8265342348a02669970939d4f,
        type: 3}
      propertyPath: m_LocalEulerAnglesHint.y
      value: 0
      objectReference: {fileID: 0}
    - target: {fileID: 628358400610809288, guid: 8752dfa8265342348a02669970939d4f,
        type: 3}
      propertyPath: m_LocalEulerAnglesHint.z
      value: 0
      objectReference: {fileID: 0}
    m_RemovedComponents: []
  m_SourcePrefab: {fileID: 100100000, guid: 8752dfa8265342348a02669970939d4f, type: 3}
--- !u!1 &8928342446242697903 stripped
GameObject:
  m_CorrespondingSourceObject: {fileID: 8928342446242697903, guid: 69d16ac57210e6045adce0668084057f,
    type: 3}
  m_PrefabInstance: {fileID: 2016457471472872760}
  m_PrefabAsset: {fileID: 0}
